

@article{Zamberg2009,
author = {Zandbergen, Paul A.},
title = {Geocoding Quality and Implications for Spatial Analysis},
journal = {Geography Compass},
volume = {3},
number = {2},
pages = {647-680},
doi = {https://doi.org/10.1111/j.1749-8198.2008.00205.x},
url = {https://compass.onlinelibrary.wiley.com/doi/abs/10.1111/j.1749-8198.2008.00205.x},
eprint = {https://compass.onlinelibrary.wiley.com/doi/pdf/10.1111/j.1749-8198.2008.00205.x},
year = {2009}
}





@article{AmericaJournal2001,
title = {On the wrong side of the tracts? Evaluating the accuracy of geocoding in public health research},
author= {Krieger, Nancy and Waterman, Pamela and Lemieux, Kerry and Zierler, Sally and Hogan, Joseph W},
journal = {American Journal of Public Health},
volume = {91},
number = {7},
pages = {1114-1116},
year = {2001},
doi = {10.2105/AJPH.91.7.1114},
note = {PMID: 11441740},
URL = {https://doi.org/10.2105/AJPH.91.7.1114},
eprint = {https://doi.org/10.2105/AJPH.91.7.1114}
}

@article{Kypri2009,
title = {Potential biases due to geocoding error in spatial analyses of official data},
journal = {Health and Place},
volume = {15},
number = {2},
pages = {562-567},
year = {2009},
issn = {1353-8292},
doi = {https://doi.org/10.1016/j.healthplace.2008.09.002},
url = {https://www.sciencedirect.com/science/article/pii/S1353829208001081},
author = {Geoff Hay and Kypros Kypri and Peter Whigham and John Langley},
keywords = {Outlet density, Alcohol, Crime, GIS, Geospatial, Bias}
}

@article{Gilboa2006,
title = {Comparison of residential geocoding methods population-based study of air quality and birth defects},
journal = {Environmental Research},
volume = {101},
number = {2},
pages = {256-262},
year = {2006},
note = {Womens Occupational and Environmental Health},
issn = {0013-9351},
doi = {https://doi.org/10.1016/j.envres.2006.01.004},
url = {https://www.sciencedirect.com/science/article/pii/S001393510600020X},
author = {Suzanne M. Gilboa and Pauline Mendola and Andrew F. Olshan and Catherine Harness and Dana Loomis and Peter H. Langlois and David A. Savitz and Amy H. Herring},
keywords = {Geographic information systems, Bias (epidemiology)}
}

@article{Whitsel2006,
author = {Whitsel, Eric A. and Quibrera, P. Miguel and Smith, Richard L. and others},
title = {Accuracy of Commercial Geocoding: Assessment and Implications},
journal = {Epidemiologic Perspectives and Innovations},
volume = {3},
number = {1},
pages = {8},
year = {2006},
doi = {https://doi.org/10.1186/1742-5573-3-8},
url = {https://epi-perspectives.biomedcentral.com/articles/10.1186/1742-5573-3-8}
}

@article{Mazumdar2008,
author = {Mazumdar, Soumya and Rushton, Gerard and Smith, Britton J. and others},
title = {Geocoding Accuracy and the Recovery of Relationships Between Environmental Exposures and Health},
journal = {International Journal of Health Geographics},
volume = {7},
number = {1},
pages = {13},
year = {2008},
doi = {https://doi.org/10.1186/1476-072X-7-13},
url = {https://ij-healthgeographics.biomedcentral.com/articles/10.1186/1476-072X-7-13},
}







@misc{cem,
  title     = {{Centro de Estudos da Metrópole - CEM}},
  howpublished = {\url{https://centrodametropole.fflch.usp.br/pt-br}},
  note      = {Acesso em: [19 ago. 2023]},
}

@misc{prodabel,
  title     = {{Prodabel - Empresa de Informática e Informação da prefeitura de Belo Horizonte}},
  howpublished = {\url{https://prefeitura.pbh.gov.br/prodabel}},
  note      = {Acesso em: [19 ago. 2023]},
}