@book{adams1995hitchhiker,
  title={The Hitchhiker's Guide to the Galaxy},
  author={Adams, D.},
  isbn={9781417642595},
  url={http://books.google.com/books?id=W-xMPgAACAAJ},
  year={1995},
  publisher={San Val}
}

@article{kilic2020accuracy,
  title={Accuracy and similarity aspects in online geocoding services: A comparative evaluation for Google and Bing maps},
  author={Kilic, Batuhan and G{\"u}lgen, Fatih},
  journal={International Journal of Engineering and Geosciences},
  volume={5},
  number={2},
  pages={109--119},
  year={2020}
}

@article{prager2019using,
  title={Using data from online geocoding services for the assessment of environmental obesogenic factors: a feasibility study},
  author={Pr{\"a}ger, Maximilian and Kurz, Christoph and B{\"o}hm, Julian and Laxy, Michael and Maier, Werner},
  journal={International journal of health geographics},
  volume={18},
  pages={1--13},
  year={2019},
  publisher={Springer}
}

@article{cetl2018comparison,
  title={A comparison of address geocoding techniques--case study of the city of Zagreb, Croatia},
  author={Cetl, V and Kliment, T and Jogun, T},
  journal={Survey Review},
  volume={50},
  number={359},
  pages={97--106},
  year={2018},
  publisher={Taylor \& Francis}
}

@article{haklay2010good,
  title={How good is volunteered geographical information? A comparative study of OpenStreetMap and Ordnance Survey datasets},
  author={Haklay, Mordechai},
  journal={Environment and planning B: Planning and design},
  volume={37},
  number={4},
  pages={682--703},
  year={2010},
  publisher={SAGE Publications Sage UK: London, England}
}